
@Book{		  Kenesei:2004,
  title		= {A nyelv és a nyelvek},
  author	= {Kenesei Istv\'an},
  url		= {http://kornai.com/Drafts/sem.pdf},
  publisher     = {Akad\'emia Kiad\'o},
  pages 	= {87--97},
  year		= {2004}
  pages={1--32},
}

@Book{		  Friedl:2003,
  title		= {Nyelvek és automaták},
  author	= {Csima Judit, Friedl Katalin},
  url		= {cs.bme.hu/nya/jegyzet-13.pdf},
  pages 	= {40--44},
  year		= {2003}
}

@article{Nivre:2005,
  title={Dependency grammar and dependency parsing},
  author={Nivre, Joakim},
  journal={MSI report},
  volume={5133},
  number={1959},
  pages={3},
  year={2005}
}

@inproceedings{deMarneffe:2014,
  title={Universal {S}tanford dependencies: A cross-linguistic typology.},
  author={De Marneffe, Marie-Catherine and Dozat, Timothy and Silveira, Natalia and Haverinen, Katri and Ginter, Filip and Nivre, Joakim and Manning, Christopher D},
  booktitle={LREC},
  volume={14},
  pages={4585--92},
  year={2014}
}

@techreport{deMarneffe:2008,
  title={Stanford typed dependencies manual},
  author={De Marneffe, Marie-Catherine and Manning, Christopher D},
  year={2008},
  institution={Technical report, Stanford University}
}

@article{Petrov:2011,
  title={A universal part-of-speech tagset},
  author={Petrov, Slav and Das, Dipanjan and McDonald, Ryan},
  journal={arXiv preprint arXiv:1104.2086},
  year={2011}
}
@inproceedings{Zeman:2008,
  title={Reusable Tagset Conversion Using Tagset Drivers.},
  author={Zeman, Daniel},
  booktitle={LREC},
  volume={2008},
  pages={28--30},
  year={2008}
}

@inproceedings{Buchholz:2006,
  title={Co{NLL}-{X} {S}hared {T}ask on multilingual dependency parsing},
  author={Buchholz, Sabine and Marsi, Erwin},
  booktitle={Proceedings of the Tenth Conference on Computational Natural Language Learning},
  pages={149--164},
  year={2006},
  organization={Association for Computational Linguistics}
}

@misc{Jurafsky:2018,
  title={Dependency parsing},
  author={Jurafsky, Dan and Martin, James H.},
  booktitle={Speech and Language Processing},
  pages={3},
  year={2018},
  howpublished= {\url{https://web.stanford.edu/~jurafsky/slp3/}},
  note = {3rd ed. draft}
}

@InProceedings{	  Kornai:2015,
  author	= {Kornai, Andr\'as and \'{A}cs, Judit and Makrai, M\'{a}rton
		  and Nemeskey, D\'{a}vid M\'{a}rk and Pajkossy, Katalin and
		  Recski, G\'{a}bor},
  title		= {Competence in lexical semantics},
  booktitle	= {{Proceedings of the Fourth Joint Conference on Lexical and
		  Computational Semantics (*SEM 2015)}},
  year		= {2015},
  address	= {Denver, Colorado},
  publisher	= {Association for Computational Linguistics},
  pages		= {165--175},
}

@article{Recski:2018,
  author	= {G\'abor Recski},
  title		= {Building concept definitions from explanatory
  dictionaries},
  year		= {2018},
  journal = {International Journal of Lexicography}
}

@InProceedings{	  Kornai:2013,
  author	= {Kornai, Andr\'as and Makrai, M\'arton},
  title		= {A 4lang fogalmi sz\'ot\'ar},
  booktitle	= {{IX}. {M}agyar {S}z\'amit\'og\'epes {N}yelv\'eszeti
		  {K}onferencia},
  year		= {2013},
  editor	= {Tan\'acs, Attila and Vincze, Veronika},
  pages		= {62--70},
  city		= {Szeged}
}

OOOOOOOOOOOOOOOOOOOOLLLLLLLLLLLLLLLLLLLLLLLDDDDDDDDDDDD--------------------------------------------------------------------------------


@Article{	  Gaifman:1965,
  author	= {Chaim Gaifman},
  title		= {Dependency systems and phrase-structure systems},
  journal	= {Information and Control},
  volume	= {8},
  pages		= {304-337},
  year		= {1965}
}

@Article{ Hays:1964,
  author = {Hays, David G.},
  title = {Dependency theory: a formalism and some observations},
  journal = {Language},
  volume = {40(4)},
  pages = {511--525},
  year = {1964}
}

@inproceedings{Maruyama:1990,
  title={Structural disambiguation with constraint propagation},
  author={Maruyama, Hiroshi},
  booktitle={Proceedings of the 28th annual meeting on Association for Computational Linguistics},
  pages={31--38},
  year={1990},
  organization={Association for Computational Linguistics}
}

@inproceedings{Karlsson:1990,
  title={Constraint grammar as a framework for parsing running text},
  author={Karlsson, Fred},
  booktitle={Proceedings of the 13th conference on Computational linguistics-Volume 3},
  pages={168--173},
  year={1990},
  organization={Association for Computational Linguistics}
}

@article{Jarvinen:1998,
  title={Towards an implementable dependency grammar},
  author={Järvinen, Timo and Tapanainen, Pasi},
  journal={arXiv preprint cmp-lg/9809001},
  year={1998}
}

@inproceedings{Covington:2001,
  title={A fundamental algorithm for dependency parsing},
  author={Covington, Michael A},
  booktitle={Proceedings of the 39th annual ACM southeast conference},
  pages={95--102},
  year={2001},
  organization={Citeseer}
}

@inproceedings{Eisner:1996,
  title={Three new probabilistic models for dependency parsing: An exploration},
  author={Eisner, Jason M},
  booktitle={Proceedings of the 16th conference on Computational linguistics-Volume 1},
  pages={340--345},
  year={1996},
  organization={Association for Computational Linguistics}
}

@misc{Nivre:2017,
 title = {Universal Dependencies 2.1},
 author = {Nivre, Joakim and Agi{\'c}, {\v Z}eljko and Ahrenberg, Lars and Antonsen, Lene and Aranzabe, Maria Jesus and Asahara, Masayuki and Ateyah, Luma and Attia, Mohammed and Atutxa, Aitziber and Augustinus, Liesbeth and Badmaeva, Elena and Ballesteros, Miguel and Banerjee, Esha and Bank, Sebastian and Barbu Mititelu, Verginica and Bauer, John and Bengoetxea, Kepa and Bhat, Riyaz Ahmad and Bick, Eckhard and Bobicev, Victoria and B{\"o}rstell, Carl and Bosco, Cristina and Bouma, Gosse and Bowman, Sam and Burchardt, Aljoscha and Candito, Marie and Caron, Gauthier and Cebiroğlu Eryiğit, G{\"u}l{\c s}en and Celano, Giuseppe G. A. and Cetin, Savas and Chalub, Fabricio and Choi, Jinho and Cinkov{\'a}, Silvie and {\c C}{\"o}ltekin, {\c C}ağrı and Connor, Miriam and Davidson, Elizabeth and de Marneffe, Marie-Catherine and de Paiva, Valeria and Diaz de Ilarraza, Arantza and Dirix, Peter and Dobrovoljc, Kaja and Dozat, Timothy and Droganova, Kira and Dwivedi, Puneet and Eli, Marhaba and Elkahky, Ali and Erjavec, Toma{\v z} and Farkas, Rich{\'a}rd and Fernandez Alcalde, Hector and Foster, Jennifer and Freitas, Cl{\'a}udia and Gajdo{\v s}ov{\'a}, Katar{\'i}na and Galbraith, Daniel and Garcia, Marcos and G{\"a}rdenfors, Moa and Gerdes, Kim and Ginter, Filip and Goenaga, Iakes and Gojenola, Koldo and G{\"o}kırmak, Memduh and Goldberg, Yoav and G{\'o}mez Guinovart, Xavier and Gonz{\'a}les Saavedra, Berta and Grioni,
 Matias and Gr{\=
u}z{\=i}tis, Normunds and Guillaume, Bruno and Habash, Nizar and Haji{\v c}, Jan and Haji{\v c} jr., Jan and H{\`a} My, Linh and Harris, Kim and Haug, Dag and Hladk{\'a}, Barbora and Hlav{\'a}{\v c}ov{\'a}, Jaroslava and Hociung, Florinel and Hohle, Petter and Ion, Radu and Irimia, Elena and Jel{\'i}nek, Tom{\'a}{\v s} and Johannsen, Anders and J{\o}rgensen, Fredrik and Ka{\c s}ıkara, H{\"u}ner and Kanayama, Hiroshi and Kanerva, Jenna and Kayadelen, Tolga and Kettnerov{\'a}, V{\'a}clava and Kirchner, Jesse and Kotsyba, Natalia and Krek, Simon and Laippala, Veronika and Lambertino, Lorenzo and Lando, Tatiana and Lee, John and L{\^e} Hong, Phuong and Lenci, Alessandro and Lertpradit, Saran and Leung, Herman and Li, Cheuk Ying and Li, Josie and Li, Keying and Ljube{\v s}i{\'c}, Nikola and Loginova, Olga and Lyashevskaya, Olga and Lynn, Teresa and Macketanz, Vivien and Makazhanov, Aibek and Mandl, Michael and Manning, Christopher and M{\u a}r{\u a}nduc, C{\u a}t{\u a}lina and Mare{\v c}ek, David and Marheinecke, Katrin and Mart{\'i}nez Alonso, H{\'e}ctor and Martins, Andr{\'e} and Ma{\v s}ek, Jan and Matsumoto, Yuji and {McDonald}, Ryan and Mendon{\c c}a, Gustavo and Miekka, Niko and Missil{\"a}, Anna and Mititelu, C{\u a}t{\u a}lin and Miyao, Yusuke and Montemagni, Simonetta and More, Amir and Moreno Romero, Laura and Mori, Shinsuke and Moskalevskyi, Bohdan and Muischnek, Kadri and M{\"u}{\"u}risep, Kaili and Nainwani, Pinkey and Nedoluzhko,
 Anna and Ne{\v s}pore-B{\=e}rzkalne, Gunta and Nguyen Thi, Luong and Nguyen Thi Minh, Huyen and Nikolaev, Vitaly and Nurmi, Hanna and Ojala, Stina and Osenova, Petya and {\"O}stling, Robert and {\O}vrelid, Lilja and Pascual, Elena and Passarotti, Marco and Perez, Cenel-Augusto and Perrier, Guy and Petrov, Slav and Piitulainen, Jussi and Pitler, Emily and Plank, Barbara and Popel, Martin and Pretkalniņa, Lauma and Prokopidis, Prokopis and Puolakainen, Tiina and Pyysalo, Sampo and Rademaker, Alexandre and Ramasamy, Loganathan and Rama, Taraka and Ravishankar, Vinit and Real, Livy and Reddy, Siva and Rehm, Georg and Rinaldi, Larissa and Rituma, Laura and Romanenko, Mykhailo and Rosa, Rudolf and Rovati, Davide and Sagot, Beno{\^i}t and Saleh, Shadi and Samard{\v z}i{\'c}, Tanja and Sanguinetti,
 Manuela and Saul{\=i}te, Baiba and Schuster, Sebastian and Seddah, Djam{\'e} and Seeker, Wolfgang and Seraji, Mojgan and Shen, Mo and Shimada, Atsuko and Sichinava, Dmitry and Silveira, Natalia and Simi, Maria and Simionescu, Radu and Simk{\'o}, Katalin and {\v S}imkov{\'a}, M{\'a}ria and Simov, Kiril and Smith, Aaron and Stella, Antonio and Straka, Milan and Strnadov{\'a}, Jana and Suhr, Alane and Sulubacak, Umut and Sz{\'a}nt{\'o}, Zsolt and Taji, Dima and Tanaka, Takaaki and Trosterud, Trond and Trukhina, Anna and Tsarfaty, Reut and Tyers, Francis and Uematsu, Sumire and Ure{\v s}ov{\'a}, Zde{\v n}ka and Uria, Larraitz and Uszkoreit, Hans and Vajjala, Sowmya and van Niekerk, Daniel and van Noord, Gertjan and Varga, Viktor and Villemonte de la Clergerie, Eric and Vincze, Veronika and Wallin, Lars and Washington, Jonathan North and Wir{\'e}n, Mats and Wong, Tak-sum and Yu, Zhuoran and {\v Z}abokrtsk{\'y}, Zden{\v e}k and Zeldes, Amir and Zeman, Daniel and Zhu, Hanzhi},
 url = {http://hdl.handle.net/11234/1-2515},
 note = {{LINDAT}/{CLARIN} digital library at the Institute of Formal and Applied Linguistics ({{\'U}FAL}), Faculty of Mathematics and Physics, Charles University},
 copyright = {Licence Universal Dependencies v2.1},
 year = {2017} }

@InProceedings{Zeman:2017,
  author    = {Zeman, Daniel  and  Popel, Martin  and  Straka, Milan  and  Hajic, Jan  and  Nivre, Joakim  and  Ginter, Filip  and  Luotolahti, Juhani  and  Pyysalo, Sampo  and  Petrov, Slav  and  Potthast, Martin  and  Tyers, Francis  and  Badmaeva, Elena  and  Gokirmak, Memduh  and  Nedoluzhko, Anna  and  Cinkova, Silvie  and  Hajic jr., Jan  and  Hlavacova, Jaroslava  and  Kettnerov\'{a}, V\'{a}clava  and  Uresova, Zdenka  and  Kanerva, Jenna  and  Ojala, Stina  and  Missil\"{a}, Anna  and  Manning, Christopher D.  and  Schuster, Sebastian  and  Reddy, Siva  and  Taji, Dima  and  Habash, Nizar  and  Leung, Herman  and  de Marneffe, Marie-Catherine  and  Sanguinetti, Manuela  and  Simi, Maria  and  Kanayama, Hiroshi  and  dePaiva, Valeria  and  Droganova, Kira  and  Mart\'{i}nez Alonso, H\'{e}ctor  and  \c{C}\"{o}ltekin, \c{C}a\u{g}rı  and  Sulubacak, Umut  and  Uszkoreit, Hans  and  Macketanz, Vivien  and  Burchardt, Aljoscha  and  Harris, Kim  and  Marheinecke, Katrin  and  Rehm, Georg  and  Kayadelen, Tolga  and  Attia, Mohammed  and  Elkahky, Ali  and  Yu, Zhuoran  and  Pitler, Emily  and  Lertpradit, Saran  and  Mandl, Michael  and  Kirchner, Jesse  and  Alcalde, Hector Fernandez  and  Strnadov\'{a}, Jana  and  Banerjee, Esha  and  Manurung, Ruli  and  Stella, Antonio  and  Shimada, Atsuko  and  Kwak, Sookyoung  and  Mendonca, Gustavo  and  Lando, Tatiana  and  Nitisaroj, Rattima  and  Li, Josie},
  title     = {{CoNLL 2017 Shared Task: Multilingual Parsing from Raw Text to Universal Dependencies}},
  booktitle = {Proceedings of the CoNLL 2017 Shared Task: Multilingual Parsing from Raw Text to Universal Dependencies},
  month     = {August},
  year      = {2017},
  address   = {Vancouver, Canada},
  publisher = {Association for Computational Linguistics},
  pages     = {1--19},
}

@InProceedings{Bjorkelund:2017,
  author    = {Bj\"{o}rkelund, Anders  and  Falenska, Agnieszka  and  Yu, Xiang  and  Kuhn, Jonas},
  title     = {{IMS at the CoNLL 2017 UD Shared Task: CRFs and Perceptrons Meet Neural Networks}},
  booktitle = {Proceedings of the CoNLL 2017 Shared Task: Multilingual Parsing from Raw Text to Universal Dependencies},
  month     = {August},
  year      = {2017},
  address   = {Vancouver, Canada},
  publisher = {Association for Computational Linguistics},
  pages     = {40--51},
}

@InProceedings{Shi:2017,
  author    = {Shi, Tianze  and  Wu, Felix G.  and  Chen, Xilun  and  Cheng, Yao},
  title     = {Combining Global Models for Parsing {U}niversal {D}ependencies},
  booktitle = {Proceedings of the CoNLL 2017 Shared Task: Multilingual Parsing from Raw Text to Universal Dependencies},
  month     = {August},
  year      = {2017},
  address   = {Vancouver, Canada},
  publisher = {Association for Computational Linguistics},
  pages     = {31--39},
}

@InProceedings{Dozat:2017,
  author    = {Dozat, Timothy  and  Qi, Peng  and  Manning, Christopher D.},
  title     = {Stanford's Graph-based Neural Dependency Parser at the {C}o{NLL} 2017 {S}hared {T}ask},
  booktitle = {Proceedings of the CoNLL 2017 Shared Task: Multilingual Parsing from Raw Text to Universal Dependencies},
  month     = {August},
  year      = {2017},
  address   = {Vancouver, Canada},
  publisher = {Association for Computational Linguistics},
  pages     = {20--30},
}

@InProceedings{Farkas:2012,
  title={Dependency parsing of {H}ungarian: Baseline results and challenges},
  author={Farkas, Rich{\'a}rd and Vincze, Veronika and Schmid, Helmut},
  booktitle={Proceedings of the 13th Conference of the European Chapter of the Association for Computational Linguistics},
  pages={55--65},
  year={2012},
  organization={Association for Computational Linguistics},
}

@inproceedings{Vincze:2017,
  title={Universal {D}ependencies and Morphology for {H}ungarian-and on the Price of Universality},
  author={Vincze, Veronika and Simk{\'o}, Katalin Ilona and Sz{\'a}nt{\'o}, Zsolt and Farkas, Rich{\'a}rd},
  booktitle={Proceedings of the 15th Conference of the European Chapter of the Association for Computational Linguistics: Volume 1, Long Papers.},
  year={2017},
  organization={Association for Computational Linguistics}
}

@InProceedings{	  Vincze:2010,
  author = {Veronika Vincze and D\'ora Szauter and Attila Alm\'asi and Gy\"orgy M\'ora and Zolt\'an Alexin and J\'anos Csirik},
  title = {Hungarian Dependency Treebank},
  booktitle = {{Proceedings of the Seventh conference on International Language Resources and Evaluation (LREC'10)}},
  year = {2010},
  date = {19-21},
  address = {Valletta, Malta},
  editor = {Nicoletta Calzolari and Khalid Choukri and Bente Maegaard and Joseph Mariani and Jan Odijk and Stelios Piperidis and Mike Rosner and Daniel Tapias},
  publisher = {European Language Resources Association (ELRA)},
  isbn = {2-9517408-6-7},
  language = {english}
 }

@InProceedings{	  Bohnet:2010,
  author	= {Bohnet, Bernd},
  title		= {Top Accuracy and Fast Dependency Parsing is not a
		  Contradiction},
  booktitle	= {{Proceedings of the 23rd International Conference on
		  Computational Linguistics (COLING 2010)}},
  year		= {2010},
  address	= {Beijing, China},
  publisher	= {Coling 2010 Organizing Committee},
  pages		= {89--97}
}

@inproceedings{Zeman:2008,
  title={Reusable Tagset Conversion Using Tagset Drivers.},
  author={Zeman, Daniel},
  booktitle={LREC},
  volume={2008},
  pages={28--30},
  year={2008}
}

@article{Petrov:2011,
  title={A universal part-of-speech tagset},
  author={Petrov, Slav and Das, Dipanjan and McDonald, Ryan},
  journal={arXiv preprint arXiv:1104.2086},
  year={2011}
}


@inproceedings{Acs:2018,
  title={Evaluation of {U}niversal {D}ependency parsers for {H}ungarian},
  author={Ács, Evelin and Recski, Gábor},
  booktitle={XIV. Magyar Számítógépes Nyelvészeti Konferencia (MSZNY 2018)},
  editor = {Vincze, Veronika},
  pages={295--304},
  year={2018}
}

@Article{	  Katz:1963,
  author	= {J. Katz and Jerry A. Fodor},
  title		= {The structure of a semantic theory},
  journal	= {Language},
  volume	= {39},
  pages		= {170--210},
  year		= {1963}
}


@Article{	  Quillian:1969,
  author	= {M. Ross Quillian},
  title		= {The teachable language comprehender},
  journal	= {Communications of the ACM},
  volume	= {12},
  pages		= {459-476},
  year		= {1969}
}

@Article{	  Woods:1975,
  title		= {What's in a link: Foundations for semantic networks},
  author	= {Woods, William A.},
  journal	= {Representation and Understanding: Studies in Cognitive
		  Science},
  pages		= {35--82},
  year		= {1975},
  publisher	= {BOLT BERANEK AND NEWMAN INC CAMBRIDGE MASS}
}

@article{Schank:1974,
  title={Inference and the computer understanding of natural language},
  author={Schank, Roger C and Rieger III, Charles J},
  journal={Artificial Intelligence},
  volume={5},
  number={4},
  pages={373--412},
  year={1974},
  publisher={Elsevier}
}

@Article{Sowa:1976,
  title = {Conceptual Graphs for a Data Base Interface},
  author = {Sowa, JF},
  publisher = {IBM},
  journal = {Journal of Research and Development},
  year = {1976},
}

@Article{	  Miller:1995,
  author	= {George A. Miller},
  title		= {Word{N}et: a lexical database for {E}nglish},
  journal	= {Communications of the ACM},
  volume	= {38},
  number	= {11},
  pages		= {39--41},
  year		= {1995}
}

@inproceedings{Wilson:2005,
  title={Recognizing contextual polarity in phrase-level sentiment analysis},
  author={Wilson, Theresa and Wiebe, Janyce and Hoffmann, Paul},
  booktitle={Proceedings of the conference on human language technology and empirical methods in natural language processing},
  pages={347--354},
  year={2005},
  organization={Association for Computational Linguistics}
}

@inproceedings{Wu:2009,
  title={Phrase dependency parsing for opinion mining},
  author={Wu, Yuanbin and Zhang, Qi and Huang, Xuanjing and Wu, Lide},
  booktitle={Proceedings of the 2009 Conference on Empirical Methods in Natural Language Processing: Volume 3-Volume 3},
  pages={1533--1541},
  year={2009},
  organization={Association for Computational Linguistics}
}

@inproceedings{Cui:2005,
  title={Question answering passage retrieval using dependency relations},
  author={Cui, Hang and Sun, Renxu and Li, Keya and Kan, Min-Yen and Chua, Tat-Seng},
  booktitle={Proceedings of the 28th annual international ACM SIGIR conference on Research and development in information retrieval},
  pages={400--407},
  year={2005},
  organization={ACM}
}

@InProceedings{	  Banarescu:2013,
  author	= {Banarescu, Laura and Bonial, Claire and Cai, Shu and
		  Georgescu, Madalina and Griffitt, Kira and Hermjakob, Ulf
		  and Knight, Kevin and Koehn, Philipp and Palmer, Martha and
		  Schneider, Nathan},
  title		= {Abstract Meaning Representation for Sembanking},
  booktitle	= {{Proceedings of the 7th Linguistic Annotation Workshop and
		  Interoperability with Discourse}},
  year		= {2013},
  address	= {Sofia, Bulgaria},
  publisher	= {Association for Computational Linguistics},
  pages		= {178--186}
}

@InProceedings{Koller:2011,
	author = {Alexander Koller and Marco Kuhlmann},
	title = {A generalized view on parsing and translation},
	booktitle = {Proceedings of the 12th International Conference on
		Parsing Technologies (IWPT)},
	address = {Dublin},
	year = 2011
}

@InProceedings{Koller:2015,
	author = {Alexander Koller},
	title = {Semantic construction with graph grammars},
	booktitle = {Proceedings of the 14th International Conference on
		Computational Semantics (IWCS)},
	year = 2015,
	address = {London}
}

@InProceedings{Groschwitz:2015,
	author = {Jonas Groschwitz and Alexander Koller and Christoph Teichmann},
	title = {Graph parsing with s-graph grammars},
	booktitle = {Proceedings of the 53rd ACL and 7th IJCNLP},
	year = 2015,
	address = {Beijing}
}

@inproceedings{May:2017,
  title={Sem{E}val-2017 task 9: {A}bstract {M}eaning {R}epresentation parsing and generation},
  author={May, Jonathan and Priyadarshi, Jay},
  booktitle={Proceedings of the 11th International Workshop on Semantic Evaluation (SemEval-2017)},
  pages={536--545},
  year={2017}
}

@inproceedings{Gontrum:2017,
  title={Alto: Rapid prototyping for parsing and translation},
  author={Gontrum, Johannes and Groschwitz, Jonas and Koller, Alexander and Teichmann, Christoph},
  booktitle={Proceedings of the Software Demonstrations of the 15th Conference of the European Chapter of the Association for Computational Linguistics},
  pages={29--32},
  year={2017}
}

@inproceedings{May:2016,
  author    = {May, Jonathan},
  title     = {{Sem{E}val-2016 Task 8: Meaning Representation Parsing}},
  booktitle = {{Proceedings of the 10th International Workshop on Semantic Evaluation (SemEval-2016)}},
  year      = {2016},
  address   = {San Diego, California},
  publisher = {Association for Computational Linguistics},
  pages     = {1063--1073}
}

@inproceedings{Flanigan:2016,
  title={Generation from abstract meaning representation using tree transducers},
  author={Flanigan, Jeffrey and Dyer, Chris and Smith, Noah A and Carbonell, Jaime},
  booktitle={Proceedings of the 2016 Conference of the North American Chapter of the Association for Computational Linguistics: Human Language Technologies},
  pages={731--739},
  year={2016}
}

@inproceedings{Pourdamghani:2016,
  title={Generating {E}nglish from {A}bstract {M}eaning {R}epresentations},
  author={Pourdamghani, Nima and Knight, Kevin and Hermjakob, Ulf},
  booktitle={Proceedings of the 9th International Natural Language Generation conference},
  pages={21--25},
  year={2016}
}

@inproceedings{Wang:2016,
  title={{CAMR} at {S}em{E}val-2016 task 8: An extended transition-based {AMR} parser},
  author={Wang, Chuan and Pradhan, Sameer and Pan, Xiaoman and Ji, Heng and Xue, Nianwen},
  booktitle={Proceedings of the 10th International Workshop on Semantic Evaluation (SemEval-2016)},
  pages={1173--1178},
  year={2016}
}

@article{vanNoord:2017,
  title={{T}he {M}eaning {F}actory at {S}em{E}val-2017 Task 9: Producing {AMR}s with Neural Semantic Parsing},
  author={van Noord, Rik and Bos, Johan},
  journal={arXiv preprint arXiv:1704.02156},
  year={2017}
}

@inproceedings{Nguyen:2017,
  title={{UIT-DANGNT-CLNLP} at {S}em{E}val-2017 Task 9: Building Scientific Concept Fixing Patterns for Improving CAMR},
  author={Nguyen, Khoa and Nguyen, Dang},
  booktitle={Proceedings of the 11th International Workshop on Semantic Evaluation (SemEval-2017)},
  pages={909--913},
  year={2017}
}

@inproceedings{Buys:2017,
  title={Oxford at {S}em{E}val-2017 task 9: Neural {AMR} parsing with pointer-augmented attention},
  author={Buys, Jan and Blunsom, Phil},
  booktitle={Proceedings of the 11th International Workshop on Semantic Evaluation (SemEval-2017)},
  pages={914--919},
  year={2017}
}

@inproceedings{Gruzitis:2017,
  title={{RIGOTRIO} at {S}em{E}val-2017 Task 9: Combining Machine Learning and Grammar Engineering for {AMR} Parsing and Generation},
  author={Gruzitis, Normunds and Gosko, Didzis and Barzdins, Guntis},
  booktitle={Proceedings of the 11th International Workshop on Semantic Evaluation (SemEval-2017)},
  pages={924--928},
  year={2017}
}

@inproceedings{Flanigan:2016b,
  title={{CMU} at {S}em{E}val-2016 task 8: Graph-based {AMR} parsing with infinite ramp loss},
  author={Flanigan, Jeffrey and Dyer, Chris and Smith, Noah A and Carbonell, Jaime},
  booktitle={Proceedings of the 10th International Workshop on Semantic Evaluation (SemEval-2016)},
  pages={1202--1206},
  year={2016}
}

@article{Palmer:2005,
  title={The proposition bank: An annotated corpus of semantic roles},
  author={Palmer, Martha and Gildea, Daniel and Kingsbury, Paul},
  journal={Computational linguistics},
  volume={31},
  number={1},
  pages={71--106},
  year={2005},
  publisher={MIT Press}
}

@inproceedings{Brandt:2016,
  title={ICL-HD at SemEval-2016 task 8: Meaning representation parsing-augmenting {AMR} parsing with a preposition semantic role labeling neural network},
  author={Brandt, Lauritz and Grimm, David and Zhou, Mengfei and Versley, Yannick},
  booktitle={Proceedings of the 10th International Workshop on Semantic Evaluation (SemEval-2016)},
  pages={1160--1166},
  year={2016}
}

@article{Barzdins:2016,
  title={Riga at {S}em{E}val-2016 task 8: Impact of smatch extensions and character-level neural translation on {AMR} parsing accuracy},
  author={Barzdins, Guntis and Gosko, Didzis},
  journal={arXiv preprint arXiv:1604.01278},
  year={2016}
}

@inproceedings{Puzikov:2016,
  title={{M2L} at {S}em{E}val-2016 task 8: {AMR} parsing with neural networks},
  author={Puzikov, Yevgeniy and Kawahara, Daisuke and Kurohashi, Sadao},
  booktitle={Proceedings of the 10th International Workshop on Semantic Evaluation (SemEval-2016)},
  pages={1154--1159},
  year={2016}
}

@inproceedings{Wang:2015,
  title={A transition-based algorithm for {AMR} parsing},
  author={Wang, Chuan and Xue, Nianwen and Pradhan, Sameer},
  booktitle={Proceedings of the 2015 Conference of the North American Chapter of the Association for Computational Linguistics: Human Language Technologies},
  pages={366--375},
  year={2015}
}

@inproceedings{Rao:2016,
  title={{CLIP} $@ $ {UMD} at {S}em{E}val-2016 Task 8: Parser for {A}bstract {M}eaning {R}epresentation using Learning to Search},
  author={Rao, Sudha and Vyas, Yogarshi and Daum{\'e} III, Hal and Resnik, Philip},
  booktitle={Proceedings of the 10th International Workshop on Semantic Evaluation (SemEval-2016)},
  pages={1190--1196},
  year={2016}
}

@inproceedings{Flanigan:2014,
  title={A discriminative graph-based parser for the {A}bstract {M}eaning {R}epresentation},
  author={Flanigan, Jeffrey and Thomson, Sam and Carbonell, Jaime and Dyer, Chris and Smith, Noah A},
  booktitle={Proceedings of the 52nd Annual Meeting of the Association for Computational Linguistics (Volume 1: Long Papers)},
  volume={1},
  pages={1426--1436},
  year={2014}
}

@inproceedings{Butler:2016,
  title={Dynamic{P}ower at {S}em{E}val-2016 Task 8: Processing syntactic parse trees with a Dynamic Semantics core},
  author={Butler, Alastair},
  booktitle={Proceedings of the 10th International Workshop on Semantic Evaluation (SemEval-2016)},
  pages={1148--1153},
  year={2016}
}

@inproceedings{Curran:2007,
  title={Linguistically motivated large-scale {NLP} with C\&C and Boxer},
  author={Curran, James R and Clark, Stephen and Bos, Johan},
  booktitle={Proceedings of the 45th Annual Meeting of the ACL on Interactive Poster and Demonstration Sessions},
  pages={33--36},
  year={2007},
  organization={Association for Computational Linguistics}
}

@inproceedings{Bjerva:2016,
  title={The {M}eaning {F}actory at {S}em{E}val-2016 task 8: Producing {AMR}s with boxer},
  author={Bjerva, Johannes and Bos, Johan and Haagsma, Hessel},
  booktitle={Proceedings of the 10th International Workshop on Semantic Evaluation (SemEval-2016)},
  pages={1179--1184},
  year={2016}
}

@inproceedings{Goodman:2016,
  title={{UCL}+ {S}heffield at {S}em{E}val-2016 Task 8: Imitation learning for {AMR} parsing with an alpha-bound},
  author={Goodman, James and Vlachos, Andreas and Naradowsky, Jason},
  booktitle={Proceedings of the 10th International Workshop on Semantic Evaluation (SemEval-2016)},
  pages={1167--1172},
  year={2016}
}

@inproceedings{Peng:2016,
  title={UofR at SemEval-2016 task 8: Learning synchronous hyperedge replacement grammar for {AMR} parsing},
  author={Peng, Xiaochang and Gildea, Daniel},
  booktitle={Proceedings of the 10th International Workshop on Semantic Evaluation (SemEval-2016)},
  pages={1185--1189},
  year={2016}
}

@inproceedings{Foland:2016,
  title={{CU-NLP} at {S}em{E}val-2016 task 8: {AMR} parsing using {LSTM}-based recurrent neural networks},
  author={Foland, William and Martin, James H},
  booktitle={Proceedings of the 10th International Workshop on Semantic Evaluation (SemEval-2016)},
  pages={1197--1201},
  year={2016}
}

@inproceedings{lampouras:2017,
  title={Sheffield at {S}em{E}val-2017 Task 9: Transition-based language generation from {AMR}.},
  author={Lampouras, Gerasimos and Vlachos, Andreas},
  booktitle={Proceedings of the 11th International Workshop on Semantic Evaluation (SemEval-2017)},
  pages={586--591},
  year={2017}
}

@inproceedings{Mille:2017,
  title={{FORG}e at {S}em{E}val-2017 Task 9: Deep sentence generation based on a sequence of graph transducers},
  author={Mille, Simon and Carlini, Roberto and Burga, Alicia and Wanner, Leo},
  booktitle={Proceedings of the 11th International Workshop on Semantic Evaluation (SemEval-2017)},
  pages={920--923},
  year={2017}
}

@inproceedings{Sakaguchi:2014,
  title={Efficient elicitation of annotations for human evaluation of machine translation},
  author={Sakaguchi, Keisuke and Post, Matt and Van Durme, Benjamin},
  booktitle={Proceedings of the Ninth Workshop on Statistical Machine Translation},
  pages={1--11},
  year={2014}
}

@inproceedings{Koehn:2007,
  title={Moses: Open source toolkit for statistical machine translation},
  author={Koehn, Philipp and Hoang, Hieu and Birch, Alexandra and Callison-Burch, Chris and Federico, Marcello and Bertoldi, Nicola and Cowan, Brooke and Shen, Wade and Moran, Christine and Zens, Richard and others},
  booktitle={Proceedings of the 45th annual meeting of the ACL on interactive poster and demonstration sessions},
  pages={177--180},
  year={2007},
  organization={Association for Computational Linguistics}
}

@article{Courcelle:1993,
  title={Graph grammars, monadic second-order logic and the theory of graph minors},
  author={Courcelle, Bruno},
  journal={Contemporary Mathematics},
  volume={147},
  pages={565--565},
  year={1993},
  publisher={AMERICAN MATHEMATICAL SOCIETY}
}

@inproceedings{Chiang:2013,
  title={Parsing graphs with hyperedge replacement grammars},
  author={Chiang, David and Andreas, Jacob and Bauer, Daniel and Hermann, Karl Moritz and Jones, Bevan and Knight, Kevin},
  booktitle={Proceedings of the 51st Annual Meeting of the Association for Computational Linguistics (Volume 1: Long Papers)},
  volume={1},
  pages={924--932},
  year={2013}
}

@article{Cohn:2010,
  title={Inducing tree-substitution grammars},
  author={Cohn, Trevor and Blunsom, Phil and Goldwater, Sharon},
  journal={Journal of Machine Learning Research},
  volume={11},
  number={Nov},
  pages={3053--3096},
  year={2010}
}

@misc{Andreas:2013,
  title={A Primer on Graph Processing with {B}olinas},
  author={Andreas, Jacob and Bauer, Daniel and Chiang, David and Hermann, Karl Moritz and Jones, Bevan and Knight, Kevin},
  year={2013},
  howpublished= {\url{https://www.isi.edu/licensed-sw/bolinas/bolinas_tutorial.pdf}},
  note = {Online tutorial}
}

@inproceedings{Papineni:2002,
  title={BLEU: a method for automatic evaluation of machine translation},
  author={Papineni, Kishore and Roukos, Salim and Ward, Todd and Zhu, Wei-Jing},
  booktitle={Proceedings of the 40th annual meeting on association for computational linguistics},
  pages={311--318},
  year={2002},
  organization={Association for Computational Linguistics}
}

@inproceedings{Cai:2013,
  title={Smatch: an evaluation metric for semantic feature structures},
  author={Cai, Shu and Knight, Kevin},
  booktitle={Proceedings of the 51st Annual Meeting of the Association for Computational Linguistics (Volume 2: Short Papers)},
  volume={2},
  pages={748--752},
  year={2013}
}

@inproceedings{Chen:2014,
  title={A fast and accurate dependency parser using neural networks},
  author={Chen, Danqi and Manning, Christopher},
  booktitle={Proceedings of the 2014 conference on empirical methods in natural language processing (EMNLP)},
  pages={740--750},
  year={2014}
}

@inproceedings{McDonald:2005,
  title={Online large-margin training of dependency parsers},
  author={McDonald, Ryan and Crammer, Koby and Pereira, Fernando},
  booktitle={Proceedings of the 43rd annual meeting on association for computational linguistics},
  pages={91--98},
  year={2005},
  organization={Association for Computational Linguistics}
}

@article{Nivre:2008,
  title={Integrating graph-based and transition-based dependency parsers},
  author={Nivre, Joakim and McDonald, Ryan},
  journal={Proceedings of ACL-08: HLT},
  pages={950--958},
  year={2008}
}

@inproceedings{Zhang:2008,
  title={A tale of two parsers: investigating and combining graph-based and transition-based dependency parsing using beam-search},
  author={Zhang, Yue and Clark, Stephen},
  booktitle={Proceedings of the Conference on Empirical Methods in Natural Language Processing},
  pages={562--571},
  year={2008},
  organization={Association for Computational Linguistics}
}

@article{Brachman:1977,
  title={What's in a concept: structural foundations for semantic networks},
  author={Brachman, Ronald J},
  journal={International journal of man-machine studies},
  volume={9},
  number={2},
  pages={127--152},
  year={1977},
  publisher={Elsevier}
}

@inproceedings{Allen:1982,
  title={What's in a Semantic Network?},
  author={Allen, James F and Frisch, Alan M},
  booktitle={Proceedings of the 20th annual meeting on Association for Computational Linguistics},
  pages={19--27},
  year={1982},
  organization={Association for Computational Linguistics}
}

@article{Sowa:1992,
  title={Conceptual graphs as a universal knowledge representation},
  author={Sowa, John F},
  journal={Computers \& Mathematics with Applications},
  volume={23},
  number={2-5},
  pages={75--93},
  year={1992},
  publisher={Elsevier}
}

@misc{Jurafsky:2018b,
  title={Computing with word senses},
  author={Jurafsky, Dan and Martin, James H.},
  booktitle={Speech and Language Processing},
  year={2018},
  howpublished= {\url{https://web.stanford.edu/~jurafsky/slp3/}},
  note = {3rd ed. draft}
}

@inproceedings{Miller:2017,
  title={Sem{E}val-2017 Task 7: Detection and interpretation of {E}nglish puns},
  author={Miller, Tristan and Hempelmann, Christian and Gurevych, Iryna},
  booktitle={Proceedings of the 11th International Workshop on Semantic Evaluation (SemEval-2017)},
  pages={58--68},
  year={2017}
}

@inproceedings{Camacho:2017,
  title={Sem{E}val-2017 task 2: Multilingual and cross-lingual semantic word similarity},
  author={Camacho-Collados, Jose and Pilehvar, Mohammad Taher and Collier, Nigel and Navigli, Roberto},
  booktitle={Proceedings of the 11th International Workshop on Semantic Evaluation (SemEval-2017)},
  pages={15--26},
  year={2017}
}

@InProceedings{	  deMarneffe:2006,
  title		= {Generating typed dependency parses from phrase structure
		  parses},
  author	= {Marie-Catherine DeMarneffe and William MacCartney and
		  Christopher Manning},
  booktitle	= {{Proceedings of the 5th International Conference on
		  Language Resources and Evaluation (LREC)}},
  volume	= {6},
  address	= {Genoa, Italy},
  pages		= {449--454},
  year		= {2006}
}

@incollection{Gecseg:1997,
  title={Tree languages},
  author={Gécseg, Ferenc and Steinby, Magnus},
  booktitle={Handbook of Formal Languages, Vol. 3.},
  pages={1–68},
  year={1997},
  editor= {Rozenberg, Grzegorz and Salomaa, Arto}
}

@Book{		  Kornai:2018,
  title		= {Semantics},
  author	= {Andr\'as Kornai},
  url		= {http://kornai.com/Drafts/sem.pdf},
  publisher     = {Springer Verlag},
  year		= {2018}
}

@article{Kiparsky:1982,
  title={From cyclic phonology to lexical phonology},
  author={Kiparsky, Paul and others},
  journal={The structure of phonological representations},
  volume={1},
  pages={131--175},
  year={1982},
  publisher={Foris Dordrecht}
}
